<?xml version="1.0" encoding="UTF-8"?>
<record xmlns="http://www.loc.gov/MARC21/slim">
  <leader>01904nam a2200397 a 4500</leader>
  <controlfield tag="001">cihm_63913</controlfield>
  <controlfield tag="003">CaSfIA</controlfield>
  <controlfield tag="005">20151008010651.0</controlfield>
  <controlfield tag="007">cr||||||||||||</controlfield>
  <controlfield tag="008">871023s1866    quc     b     000 0 eng d</controlfield>
  <datafield tag="020" ind1=" " ind2=" ">
    <subfield code="a">0665639139</subfield>
  </datafield>
  <datafield tag="035" ind1=" " ind2=" ">
    <subfield code="a">ocn317789044</subfield>
  </datafield>
  <datafield tag="040" ind1=" " ind2=" ">
    <subfield code="a">CaOOCIHM</subfield>
    <subfield code="b">eng</subfield>
    <subfield code="c">CaOOCIHM</subfield>
    <subfield code="d">AEU</subfield>
    <subfield code="d">CaSfIA</subfield>
  </datafield>
  <datafield tag="043" ind1=" " ind2=" ">
    <subfield code="a">n-cn-qu</subfield>
  </datafield>
  <datafield tag="082" ind1="0" ind2=" ">
    <subfield code="a">745.0740114281</subfield>
    <subfield code="2">19</subfield>
  </datafield>
  <datafield tag="090" ind1=" " ind2=" ">
    <subfield code="a">FC 02 0203 no. 63913</subfield>
    <subfield code="b">AEU</subfield>
  </datafield>
  <datafield tag="111" ind1="2" ind2=" ">
    <subfield code="a">Military Industrial Exhibition</subfield>
    <subfield code="d">(1866 :</subfield>
    <subfield code="c">Montréal, Quebec)</subfield>
  </datafield>
  <datafield tag="245" ind1="1" ind2="0">
    <subfield code="a">Report on the Military Industrial Exhibition held at Montreal, Canada East, from 14th to 19th May, 1866</subfield>
    <subfield code="h">[electronic resource] </subfield>
    <subfield code="b">under the partronage of Her Majesty the Queen.</subfield>
  </datafield>
  <datafield tag="260" ind1=" " ind2=" ">
    <subfield code="a">[Montreal? :</subfield>
    <subfield code="b">s.n.],</subfield>
    <subfield code="c">1866</subfield>
    <subfield code="e">(Montreal :</subfield>
    <subfield code="f">J. Lovell)</subfield>
  </datafield>
  <datafield tag="300" ind1=" " ind2=" ">
    <subfield code="a">1 microfiche (16 fr.).</subfield>
  </datafield>
  <datafield tag="490" ind1="1" ind2=" ">
    <subfield code="a">CIHM/ICMH Microfiche series = CIHM/ICMH collection de microfiches ;</subfield>
    <subfield code="v">no. 63913</subfield>
  </datafield>
  <datafield tag="500" ind1=" " ind2=" ">
    <subfield code="a">"Vice-patrons: His Excellency the Governor-General of B.N.A., His Excellency Lieut.-General Sir John Michel, K.C.B., commanding the forces in B.N.A."</subfield>
  </datafield>
  <datafield tag="500" ind1=" " ind2=" ">
    <subfield code="a">"Montreal, C.E., July, 1866."</subfield>
  </datafield>
  <datafield tag="500" ind1=" " ind2=" ">
    <subfield code="a">Tables.</subfield>
  </datafield>
  <datafield tag="533" ind1=" " ind2=" ">
    <subfield code="a">Filmed from a copy of the original publication held by the Harold Campbell Vaughan Memorial Library, Acadia University.</subfield>
    <subfield code="b">Ottawa :</subfield>
    <subfield code="c">Canadian Institute for Historical Microreproductions,</subfield>
    <subfield code="d">1987.</subfield>
  </datafield>
  <datafield tag="534" ind1=" " ind2=" ">
    <subfield code="e">24 p. ; 23 cm.</subfield>
  </datafield>
  <datafield tag="596" ind1=" " ind2=" ">
    <subfield code="a">43</subfield>
  </datafield>
  <datafield tag="611" ind1="2" ind2="0">
    <subfield code="a">Military Industrial Exhibition</subfield>
    <subfield code="d">(1866 :</subfield>
    <subfield code="c">Montréal, Quebec).</subfield>
  </datafield>
  <datafield tag="611" ind1="2" ind2="6">
    <subfield code="a">Military Industrial Exhibition</subfield>
    <subfield code="d">(1866 :</subfield>
    <subfield code="c">Montréal, Québec).</subfield>
  </datafield>
  <datafield tag="650" ind1=" " ind2="0">
    <subfield code="a">Exhibitions</subfield>
    <subfield code="z">Quebec (Province)</subfield>
    <subfield code="z">Montréal.</subfield>
  </datafield>
  <datafield tag="650" ind1=" " ind2="0">
    <subfield code="a">Craft festivals</subfield>
    <subfield code="z">Quebec (Province)</subfield>
    <subfield code="z">Montréal.</subfield>
  </datafield>
  <datafield tag="650" ind1=" " ind2="6">
    <subfield code="a">Expositions</subfield>
    <subfield code="z">Québec (Province)</subfield>
    <subfield code="z">Montréal.</subfield>
  </datafield>
  <datafield tag="650" ind1=" " ind2="6">
    <subfield code="a">Artisanat</subfield>
    <subfield code="x">Expositions</subfield>
    <subfield code="z">Québec (Province)</subfield>
    <subfield code="z">Montréal.</subfield>
  </datafield>
  <datafield tag="830" ind1=" " ind2="0">
    <subfield code="a">CIHM/ICMH microfiche series ;</subfield>
    <subfield code="v">no. 63913</subfield>
  </datafield>
  <datafield tag="856" ind1="4" ind2="1">
    <subfield code="u">http://archive.org/details/cihm_63913</subfield>
    <subfield code="z">Free eBook from the Internet Archive</subfield>
  </datafield>
  <datafield tag="856" ind1="4" ind2="2">
    <subfield code="u">http://www.openlibrary.org/books/OL19474539M</subfield>
    <subfield code="z">Additional information and access via Open Library</subfield>
  </datafield>
  <datafield tag="016" ind1=" " ind2=" ">
    <subfield code="a"> 876122888</subfield>
  </datafield>
</record>
